@article{hethcote2000mathematics,
  title={The mathematics of infectious diseases},
  author={Hethcote, Herbert W},
  journal={SIAM review},
  volume={42},
  number={4},
  pages={599--653},
  year={2000},
  publisher={SIAM}
}


@incollection{hethcote1989three,
  title={Three basic epidemiological models},
  author={Hethcote, Herbert W},
  booktitle={Applied mathematical ecology},
  pages={119--144},
  year={1989},
  publisher={Springer}
}

@article{hethcote1992transmission,
  title={Transmission and AIDS in the United States, Lect},
  author={Hethcote, HW and Van Ark, JW},
  journal={Notes Biomath},
  volume={95},
  year={1992}
}

@article{keeling2005networks,
author = {Keeling, Matt J  and Eames, Ken T.D },
title = {Networks and epidemic models},
journal = {Journal of The Royal Society Interface},
volume = {2},
number = {4},
pages = {295-307},
year = {2005}
}

@article{kermack1927contribution,
  title={A contribution to the mathematical theory of epidemics},
  author={Kermack, William Ogilvy and McKendrick, Anderson G},
  journal={Proceedings of the royal society of london. Series A, Containing papers of a mathematical and physical character},
  volume={115},
  number={772},
  pages={700--721},
  year={1927},
  publisher={The Royal Society London}
}

@article{bailey1957mathematical,
  title={The mathematical theory of epidemics},
  author={Bailey, Norman TJ},
  journal={(No Title)},
  year={1957}
}

@misc{anderson1992may,
  title={May. Infectious diseases of humans: dynamics and control},
  author={Anderson, Roy M and Robert, M},
  year={1992},
  publisher={Oxford university press}
}

@article{grenfell1992chance,
  title={Chance and chaos in measles dynamics},
  author={Grenfell, BT},
  journal={Journal of the Royal Statistical Society: Series B (Methodological)},
  volume={54},
  number={2},
  pages={383--398},
  year={1992},
  publisher={Wiley Online Library}
}

@article{rohani2000impact,
  title={Impact of immunisation on pertussis transmission in England and Wales},
  author={Rohani, Pejman and Earn, David JD and Grenfell, Bryan T},
  journal={The Lancet},
  volume={355},
  number={9200},
  pages={285--286},
  year={2000},
  publisher={Elsevier}
}

@article{hethcote1984springer,
  title={Springer Lecture Notes in Biomathematics},
  author={Hethcote, HW and Yorke, JA},
  journal={Lecture Notes in Biomathematics},
  year={1984}
}

@article{garnett1996sexually,
  title={Sexually transmitted diseases and sexual behavior: insights from mathematical models},
  author={Garnett, Geoffrey P and Anderson, Roy M},
  journal={Journal of Infectious Diseases},
  volume={174},
  number={Supplement\_2},
  pages={S150--S161},
  year={1996},
  publisher={The University of Chicago Press}
}

@article{anderson1988epidemiology,
  title={The epidemiology of HIV infection: variable incubation plus infectious periods and heterogeneity in sexual activity},
  author={Anderson, Roy M},
  journal={Journal of the Royal Statistical Society: Series A (Statistics in Society)},
  volume={151},
  number={1},
  pages={66--93},
  year={1988},
  publisher={Wiley Online Library}
}

@article{grenfell2001travelling,
  title={Travelling waves and spatial hierarchies in measles epidemics},
  author={Grenfell, Bryan T and Bj{\o}rnstad, Ottar N and Kappey, Jens},
  journal={Nature},
  volume={414},
  number={6865},
  pages={716--723},
  year={2001},
  publisher={Nature Publishing Group UK London}
}

@article{ghani1997role,
  title={The role of sexual partnership networks in the epidemiology of gonorrhea},
  author={Ghani, Azra C and Swinton, Jonathan and Garnett, Geoff P},
  journal={Sexually transmitted diseases},
  volume={24},
  number={1},
  pages={45--56},
  year={1997},
  publisher={LWW}
}

@article{keeling1997modelling,
  title={Modelling the persistence of measles},
  author={Keeling, Matthew J},
  journal={Trends in microbiology},
  volume={5},
  number={12},
  pages={513--518},
  year={1997},
  publisher={Elsevier}
}

@article{sherborne2018mean,
  title={Mean-field models for non-Markovian epidemics on networks},
  author={Sherborne, Neil and Miller, Joel C and Blyuss, Konstantin B and Kiss, Istvan Z},
  journal={Journal of mathematical biology},
  volume={76},
  pages={755--778},
  year={2018},
  publisher={Springer}
}

@article{keeling1999effects,
  title={The effects of local spatial structure on epidemiological invasions},
  author={Keeling, Matthew J},
  journal={Proceedings of the Royal Society of London. Series B: Biological Sciences},
  volume={266},
  number={1421},
  pages={859--867},
  year={1999},
  publisher={The Royal Society}
}

@article{house2011insights,
  title={Insights from unifying modern approximations to infections on networks},
  author={House, Thomas and Keeling, Matt J},
  journal={Journal of The Royal Society Interface},
  volume={8},
  number={54},
  pages={67--73},
  year={2011},
  publisher={The Royal Society}
}

@article{karrer2010message,
  title={Message passing approach for general epidemic models},
  author={Karrer, Brian and Newman, Mark EJ},
  journal={Physical Review E—Statistical, Nonlinear, and Soft Matter Physics},
  volume={82},
  number={1},
  pages={016101},
  year={2010},
  publisher={APS}
}

@article{lindquist2011effective,
  title={Effective degree network disease models},
  author={Lindquist, Jennifer and Ma, Junling and Van den Driessche, P and Willeboordse, Frederick H},
  journal={Journal of mathematical biology},
  volume={62},
  pages={143--164},
  year={2011},
  publisher={Springer}
}

@article{miller2012edge,
  title={Edge-based compartmental modelling for infectious disease spread},
  author={Miller, Joel C and Slim, Anja C and Volz, Erik M},
  journal={Journal of the Royal Society Interface},
  volume={9},
  number={70},
  pages={890--906},
  year={2012},
  publisher={The Royal Society}
}

@article{volz2008sir,
  title={SIR dynamics in random networks with heterogeneous connectivity},
  author={Volz, Erik},
  journal={Journal of mathematical biology},
  volume={56},
  pages={293--310},
  year={2008},
  publisher={Springer}
}

@article{house2011insights,
  title={Insights from unifying modern approximations to infections on networks},
  author={House, Thomas and Keeling, Matt J},
  journal={Journal of The Royal Society Interface},
  volume={8},
  number={54},
  pages={67--73},
  year={2011},
  publisher={The Royal Society}
}

@article{pastor2001epidemic,
  title={Epidemic spreading in scale-free networks},
  author={Pastor-Satorras, Romualdo and Vespignani, Alessandro},
  journal={Physical review letters},
  volume={86},
  number={14},
  pages={3200},
  year={2001},
  publisher={APS}
}

@article{aiello2003new,
  title={New approach to dynamical Monte Carlo methods: application to an epidemic model},
  author={Ai{\'e}llo, Osvaldo Eduardo and da Silva, Marco AA},
  journal={Physica A: Statistical Mechanics and its Applications},
  volume={327},
  number={3-4},
  pages={525--534},
  year={2003},
  publisher={Elsevier}
}

@article{haas1999temporal,
  title={Temporal duration and event size distribution at the epidemic threshold},
  author={Haas, Vanderlei Jos{\'e} and Caliri, Ant{\^o}nio and Da Silva, MAA},
  journal={Journal of Biological Physics},
  volume={25},
  pages={309--324},
  year={1999},
  publisher={Springer}
}

@article{albert2002statistical,
  title={Statistical mechanics of complex networks},
  author={Albert, R{\'e}ka and Barab{\'a}si, Albert-L{\'a}szl{\'o}},
  journal={Reviews of modern physics},
  volume={74},
  number={1},
  pages={47},
  year={2002},
  publisher={APS}
}

@book{van1992stochastic,
  title={Stochastic processes in physics and chemistry},
  author={Van Kampen, Nicolaas Godfried},
  volume={1},
  year={1992},
  publisher={Elsevier}
}

@article{pastor2015epidemic,
  title={Epidemic processes in complex networks},
  author={Pastor-Satorras, Romualdo and Castellano, Claudio and Van Mieghem, Piet and Vespignani, Alessandro},
  journal={Reviews of modern physics},
  volume={87},
  number={3},
  pages={925--979},
  year={2015},
  publisher={APS}
}

@article{nakamura2017efficient,
  title={Efficient method for comprehensive computation of agent-level epidemic dissemination in networks},
  author={Nakamura, Gilberto M and Monteiro, Ana Carolina P and Cardoso, George C and Martinez, Alexandre S},
  journal={Scientific reports},
  volume={7},
  number={1},
  pages={40885},
  year={2017},
  publisher={Nature Publishing Group UK London}
}

@article{li2021modeling,
  title={Modeling epidemic spread in transportation networks: A review},
  author={Li, Jian and Xiang, Tao and He, Linghui},
  journal={Journal of Traffic and Transportation Engineering (English Edition)},
  volume={8},
  number={2},
  pages={139--152},
  year={2021},
  publisher={Elsevier}
}

@incollection{hyman2003modeling,
  title={Modeling the spread of influenza among cities},
  author={Hyman, James M and LaForce, Tara},
  booktitle={Bioterrorism: Mathematical modeling applications in homeland security},
  pages={211--236},
  year={2003},
  publisher={SIAM}
}

@article{takeuchi2006spreading,
  title={Spreading disease with transport-related infection},
  author={Takeuchi, Yasuhiro and Saito, Yasuhisa and others},
  journal={Journal of theoretical biology},
  volume={239},
  number={3},
  pages={376--390},
  year={2006},
  publisher={Elsevier}
}

@article{takeuchi2007global,
  title={Global dynamics of SIS models with transport-related infection},
  author={Takeuchi, Yasuhiro and Liu, Xianning and Cui, Jingan},
  journal={Journal of mathematical analysis and applications},
  volume={329},
  number={2},
  pages={1460--1471},
  year={2007},
  publisher={Elsevier}
}

@article{liu2009global,
  title={Global stability of an SIRS epidemic model with transport-related infection},
  author={Liu, Junli and Zhou, Yicang},
  journal={Chaos, Solitons \& Fractals},
  volume={40},
  number={1},
  pages={145--158},
  year={2009},
  publisher={Elsevier}
}

@article{wan2007seis,
  title={An SEIS epidemic model with transport-related infection},
  author={Wan, Hui and others},
  journal={Journal of theoretical biology},
  volume={247},
  number={3},
  pages={507--524},
  year={2007},
  publisher={Elsevier}
}

@article{wang2004epidemic,
  title={An epidemic model in a patchy environment},
  author={Wang, Wendi and Zhao, Xiao-Qiang},
  journal={Mathematical biosciences},
  volume={190},
  number={1},
  pages={97--112},
  year={2004},
  publisher={Elsevier}
}

@article{li2010dynamics,
  title={Dynamics of an epidemic model with non-local infections for diseases with latency over a patchy environment},
  author={Li, Jing and Zou, Xingfu},
  journal={Journal of mathematical biology},
  volume={60},
  number={5},
  pages={645--686},
  year={2010},
  publisher={Springer}
}

@article{liu2006spread,
  title={Spread of disease with transport-related infection and entry screening},
  author={Liu, Xianning and Takeuchi, Yasuhiro},
  journal={Journal of Theoretical Biology},
  volume={242},
  number={2},
  pages={517--528},
  year={2006},
  publisher={Elsevier}
}



@article{mao2014modeling,
  title={Modeling triple-diffusions of infectious diseases, information, and preventive behaviors through a metropolitan social network—an agent-based simulation},
  author={Mao, Liang},
  journal={Applied Geography},
  volume={50},
  pages={31--39},
  year={2014},
  publisher={Elsevier}
}

@inproceedings{frias2011agent,
  title={An agent-based model of epidemic spread using human mobility and social network information},
  author={Frias-Martinez, Enrique and Williamson, Graham and Frias-Martinez, Vanessa},
  booktitle={2011 IEEE third international conference on privacy, security, risk and trust and 2011 IEEE third international conference on social computing},
  pages={57--64},
  year={2011},
  organization={IEEE}
}

@article{crooks2014agent,
  title={An agent-based modeling approach applied to the spread of cholera},
  author={Crooks, Andrew T and Hailegiorgis, Atesmachew B},
  journal={Environmental Modelling \& Software},
  volume={62},
  pages={164--177},
  year={2014},
  publisher={Elsevier}
}

@article{rakowski2010influenza,
  title={Influenza epidemic spread simulation for Poland—a large scale, individual based model study},
  author={Rakowski, Franciszek and Gruziel, Magdalena and Bieniasz-Krzywiec, {\L}ukasz and Radomski, Jan P},
  journal={Physica A: Statistical Mechanics and its Applications},
  volume={389},
  number={16},
  pages={3149--3165},
  year={2010},
  publisher={Elsevier}
}

@article{duan2013heterogeneous,
  title={Heterogeneous and stochastic agent-based models for analyzing infectious diseases' super spreaders},
  author={Duan, Wei and Qiu, Xiaogang and Cao, Zhidong and Zheng, Xiaolong and Cui, Kainan},
  journal={IEEE Intelligent Systems},
  volume={28},
  number={4},
  pages={18--25},
  year={2013},
  publisher={IEEE}
}

@article{simoes2006modelling,
  title={Modelling a mumps outbreak through spatially explicit agents},
  author={Simoes, JM},
  journal={Potentials of Complexity Science for Business, Governments, and the Media},
  year={2006}
}

@article{fox1971herd,
  title={Herd immunity: basic concept and relevance to public health immunization practices},
  author={Fox, John P and Elveback, Lila and Scott, William and Gatewood, LAEL and Ackerman, Eugene},
  journal={American journal of epidemiology},
  volume={94},
  number={3},
  pages={179--189},
  year={1971},
  publisher={Citeseer}
}

@article{elveback1976influmza,
  title={An influmza simulation model for immunization studies},
  author={Elveback, Lila R and Fox, John P and Ackerman, Eugene and Langworthy, Alice and Boyd, Mary and Gatewood, Lael},
  journal={American journal of epidemiology},
  volume={103},
  number={2},
  pages={152--165},
  year={1976},
  publisher={Oxford University Press}
}

@article{koopman2002controlling,
  title={Controlling smallpox},
  author={Koopman, Jim},
  journal={Science},
  volume={298},
  number={5597},
  pages={1342--1344},
  year={2002},
  publisher={American Association for the Advancement of Science}
}

@article{kerr2021covasim,
  title={Covasim: an agent-based model of COVID-19 dynamics and interventions},
  author={Kerr, Cliff C and Stuart, Robyn M and Mistry, Dina and Abeysuriya, Romesh G and Rosenfeld, Katherine and Hart, Gregory R and N{\'u}{\~n}ez, Rafael C and Cohen, Jamie A and Selvaraj, Prashanth and Hagedorn, Brittany and others},
  journal={PLOS Computational Biology},
  volume={17},
  number={7},
  pages={e1009149},
  year={2021},
  publisher={Public Library of Science San Francisco, CA USA}
}

@article{makhrova2017work,
  title={Work commuting of the population in the Moscow agglomeration: estimating commuting flows using mobile operator data},
  author={Makhrova, Alla G and Kirillov, Pavel L and Bochkarev, Anton N},
  journal={Regional Research of Russia},
  volume={7},
  pages={36--44},
  year={2017},
  publisher={Springer}
}

@article{lauer2020incubation,
  title={The incubation period of coronavirus disease 2019 (COVID-19) from publicly reported confirmed cases: estimation and application},
  author={Lauer, Stephen A and Grantz, Kyra H and Bi, Qifang and Jones, Forrest K and Zheng, Qulu and Meredith, Hannah R and Azman, Andrew S and Reich, Nicholas G and Lessler, Justin},
  journal={Annals of internal medicine},
  volume={172},
  number={9},
  pages={577--582},
  year={2020},
  publisher={American College of Physicians}
}

@article{du2020serial,
  title={Serial interval of COVID-19 among publicly reported confirmed cases},
  author={Du, Zhanwei and Xu, Xiaoke and Wu, Ye and Wang, Lin and Cowling, Benjamin J and Meyers, Lauren Ancel},
  journal={Emerging infectious diseases},
  volume={26},
  number={6},
  pages={1341},
  year={2020}
}

@article{nishiura2020serial,
  title={Serial interval of novel coronavirus (COVID-19) infections},
  author={Nishiura, Hiroshi and Linton, Natalie M and Akhmetzhanov, Andrei R},
  journal={International journal of infectious diseases},
  volume={93},
  pages={284--286},
  year={2020},
  publisher={Elsevier}
}

@article{pung2020investigation,
  title={Investigation of three clusters of COVID-19 in Singapore: implications for surveillance and response measures},
  author={Pung, Rachael and Chiew, Calvin J and Young, Barnaby E and Chin, Sarah and Chen, Mark IC and Clapham, Hannah E and Cook, Alex R and Maurer-Stroh, Sebastian and Toh, Matthias PHS and Poh, Cuiqin and others},
  journal={The Lancet},
  volume={395},
  number={10229},
  pages={1039--1046},
  year={2020},
  publisher={Elsevier}
}

@article{linton2020incubation,
  title={Incubation period and other epidemiological characteristics of 2019 novel coronavirus infections with right truncation: a statistical analysis of publicly available case data},
  author={Linton, Natalie M and Kobayashi, Tetsuro and Yang, Yichi and Hayashi, Katsuma and Akhmetzhanov, Andrei R and Jung, Sung-mok and Yuan, Baoyin and Kinoshita, Ryo and Nishiura, Hiroshi},
  journal={Journal of clinical medicine},
  volume={9},
  number={2},
  pages={538},
  year={2020},
  publisher={MDPI}
}

@article{he2020temporal,
  title={Temporal dynamics in viral shedding and transmissibility of COVID-19},
  author={He, Xi and Lau, Eric HY and Wu, Peng and Deng, Xilong and Wang, Jian and Hao, Xinxin and Lau, Yiu Chung and Wong, Jessica Y and Guan, Yujuan and Tan, Xinghua and others},
  journal={Nature medicine},
  volume={26},
  number={5},
  pages={672--675},
  year={2020},
  publisher={Nature Publishing Group US New York}
}

@article{wang2020clinical,
  title={Clinical characteristics of 138 hospitalized patients with 2019 novel coronavirus--infected pneumonia in Wuhan, China},
  author={Wang, Dawei and Hu, Bo and Hu, Chang and Zhu, Fangfang and Liu, Xing and Zhang, Jing and Wang, Binbin and Xiang, Hui and Cheng, Zhenshun and Xiong, Yong and others},
  journal={jama},
  volume={323},
  number={11},
  pages={1061--1069},
  year={2020},
  publisher={American Medical Association}
}

@article{chen2020clinical,
  title={Clinical progression of patients with COVID-19 in Shanghai, China},
  author={Chen, Jun and Qi, Tangkai and Liu, Li and Ling, Yun and Qian, Zhiping and Li, Tao and Li, Feng and Xu, Qingnian and Zhang, Yuyi and Xu, Shuibao and others},
  journal={Journal of infection},
  volume={80},
  number={5},
  pages={e1--e6},
  year={2020},
  publisher={Elsevier}
}

@article{verity2020estimates,
  title={Estimates of the severity of coronavirus disease 2019: a model-based analysis},
  author={Verity, Robert and Okell, Lucy C and Dorigatti, Ilaria and Winskill, Peter and Whittaker, Charles and Imai, Natsuko and Cuomo-Dannenburg, Gina and Thompson, Hayley and Walker, Patrick GT and Fu, Han and others},
  journal={The Lancet infectious diseases},
  volume={20},
  number={6},
  pages={669--677},
  year={2020},
  publisher={Elsevier}
}

@article{wolfel2020virological,
  title={Virological assessment of hospitalized patients with COVID-2019},
  author={W{\"o}lfel, Roman and Corman, Victor M and Guggemos, Wolfgang and Seilmaier, Michael and Zange, Sabine and M{\"u}ller, Marcel A and Niemeyer, Daniela and Jones, Terry C and Vollmar, Patrick and Rothe, Camilla and others},
  journal={Nature},
  volume={581},
  number={7809},
  pages={465--469},
  year={2020},
  publisher={Nature Publishing Group UK London}
}

@article{o2021age,
  title={Age-specific mortality and immunity patterns of SARS-CoV-2},
  author={O’Driscoll, Megan and Ribeiro Dos Santos, Gabriel and Wang, Lin and Cummings, Derek AT and Azman, Andrew S and Paireau, Juliette and Fontanet, Arnaud and Cauchemez, Simon and Salje, Henrik},
  journal={Nature},
  volume={590},
  number={7844},
  pages={140--145},
  year={2021},
  publisher={Nature Publishing Group UK London}
}

@article{baguelin2020report,
  title={Report 34: COVID-19 Infection Fatality Ratio: Estimates from Seroprevalence},
  author={Baguelin, Lilith Whittles and Bhatt, Samir and Ghani, Azra C and Ferguson, Neil M and Okell, Lucy C},
  journal={See paper},
  volume={201029},
  year={2020}
}

@article{ferguson2020impact,
  title={Impact of non-pharmaceutical interventions (NPIs) to reduce COVID-19 mortality and healthcare demand. Imperial College COVID-19 Response Team},
  author={Ferguson, Neil M and Laydon, Daniel and Nedjati-Gilani, Gemma and Imai, Natsuko and Ainslie, Kylie and Baguelin, Marc and Bhatia, Sangeeta and Boonyasiri, Adhiratha and Cucunub{\'a}, Zulma and Cuomo-Dannenburg, Gina and others},
  journal={Imperial College COVID-19 Response Team},
  volume={20},
  number={10.25561},
  pages={77482},
  year={2020}
}

@article{zhang2020changes,
  title={Changes in contact patterns shape the dynamics of the COVID-19 outbreak in China},
  author={Zhang, Juanjuan and Litvinova, Maria and Liang, Yuxia and Wang, Yan and Wang, Wei and Zhao, Shanlu and Wu, Qianhui and Merler, Stefano and Viboud, C{\'e}cile and Vespignani, Alessandro and others},
  journal={Science},
  volume={368},
  number={6498},
  pages={1481--1486},
  year={2020},
  publisher={American Association for the Advancement of Science}
}

@article{lader2006time,
  title={The time use survey, 2005},
  author={Lader, Deborah and Short, Sandra and Gershuny, Jonathan},
  journal={Office for National Statistics, London},
  year={2006}
}

@article{hora1986comparison,
  title={A comparison of maximum/bounding and Bayesian/Monte Carlo for fault tree uncertainty analysis},
  author={Hora, SC and Iman, RL},
  journal={Report SAND85-2839, Sandia Laboratories},
  year={1986}
}

@inproceedings{ishigami1990importance,
  title={An importance quantification technique in uncertainty analysis for computer models},
  author={Ishigami, Tsutomu and Homma, Toshimitsu},
  booktitle={[1990] Proceedings. First international symposium on uncertainty modeling and analysis},
  pages={398--403},
  year={1990},
  organization={IEEE}
}

@article{iman1990robust,
  title={A robust measure of uncertainty importance for use in fault tree system analysis},
  author={Iman, Ronald L and Hora, Stephen C},
  journal={Risk analysis},
  volume={10},
  number={3},
  pages={401--406},
  year={1990},
  publisher={Wiley Online Library}
}

@article{saltelli1993sensitivity,
  title={Sensitivity analysis of model output: An investigation of new techniques},
  author={Saltelli, Andrea and Andres, TH and Homma, T},
  journal={Computational statistics \& data analysis},
  volume={15},
  number={2},
  pages={211--238},
  year={1993},
  publisher={Elsevier}
}

@article{homma1996importance,
  title={Importance measures in global sensitivity analysis of nonlinear models},
  author={Homma, Toshimitsu and Saltelli, Andrea},
  journal={Reliability Engineering \& System Safety},
  volume={52},
  number={1},
  pages={1--17},
  year={1996},
  publisher={Elsevier}
}

@article{mckay1996variance,
  title={Variance-based methods for assessing uncertainty importance in NUREG-1150 analyses},
  author={McKay, MD},
  journal={Los Alamos National Laboratory LA-UR-96-2695},
  year={1996}
}

@article{sobol1996freezing,
  title={On the “freezing” of inessential variables},
  author={Sobol', Il'ya Meerovich},
  journal={Vestnik Moskovskogo Universiteta. Seriya 1. Matematika. Mekhanika},
  number={6},
  pages={92--94},
  year={1996},
  publisher={Lomonosov Moscow State University}
}

@book{box1978statistics,
  title={Statistics for experimenters},
  author={Box, George EP and Hunter, William H and Hunter, Stuart and others},
  volume={664},
  year={1978},
  publisher={John Wiley and sons New York}
}

@article{Iwanaga2022,
  title = {Toward {SALib} 2.0: {Advancing} the accessibility and interpretability of global sensitivity analyses},
  volume = {4},
  url = {https://sesmo.org/article/view/18155},
  doi = {10.18174/sesmo.18155},
  journal = {Socio-Environmental Systems Modelling},
  author = {Iwanaga, Takuya and Usher, William and Herman, Jonathan},
  month = may,
  year = {2022},
  pages = {18155},
}

@article{Herman2017,
  doi = {10.21105/joss.00097},
  url = {https://doi.org/10.21105/joss.00097},
  year  = {2017},
  month = {jan},
  publisher = {The Open Journal},
  volume = {2},
  number = {9},
  author = {Jon Herman and Will Usher},
  title = {{SALib}: An open-source Python library for Sensitivity Analysis},
  journal = {The Journal of Open Source Software}
}

@article{sobol1967distribution,
  title={The distribution of points in a cube and the approximate evaluation of integrals},
  author={Sobol, Ilya M},
  journal={USSR Computational mathematics and mathematical physics},
  volume={7},
  pages={86--112},
  year={1967}
}

@article{sobol1976uniformly,
  title={Uniformly distributed sequences with additional uniformity properties},
  author={Sobo{\'l}, I},
  journal={USSR Computational mathematics and mathematical physics},
  volume={16},
  number={5},
  pages={1332--1337},
  year={1976}
}